
<record>
  <controlfield tag="001">775286</controlfield>
  <datafield tag="035" ind1=" " ind2=" ">
    <subfield code="z">D07-08563</subfield>
    <subfield code="9">DESY</subfield>
  </datafield>
  <datafield tag="035" ind1=" " ind2=" ">
    <subfield code="a">Abe:2007sy</subfield>
    <subfield code="9">SPIRESTeX</subfield>
  </datafield>
  <datafield tag="710" ind1=" " ind2=" ">
    <subfield code="g">Belle</subfield>
  </datafield>
  <datafield tag="245" ind1=" " ind2=" ">
    <subfield code="a">Search for new charmonium states in the processes e+ e- ---&gt; J/psi D(*) anti-D(*) at s**(1/2) ~ 10.6-GeV</subfield>
  </datafield>
</record>